@online{DS,
  author = {statmt.org},
  note = {accessed: 2018-06-09},
  title = {European Parliament Proceedings Parallel Corpus 1996-2011},
  year = 2018,
  url = {http://www.statmt.org/europarl/},
  urldate = {2012-05-15}
}

@techreport{GPGS,
    author = {acas.org.uk, Government Equalities Office},
    title = {Managing gender pay reporting},
    institution = {},
    year = {2017-December}
}

@online{BC,
  author = {learn4master.com},
  note = {accessed: 2018-06-09},
  title = {Pyspark broadcast variable Example},
  year = 2018,
  url = {http://www.learn4master.com/big-data/spark/pyspark-broadcast-variable-example},
  urldate = {2016-07-12}
}

@online{CA,
  author = {Daniel Darabos},
  note = {accessed: 2018-06-09},
  title = {(Why) do we need to call cache or persist on a RDD},
  year = 2018,
  url = {https://stackoverflow.com/questions/28981359/why-do-we-need-to-call-cache-or-persist-on-a-rdd},
  urldate = {2015-03-11}
}

@online{ST,
  author = {javadba},
  note = {accessed: 2018-06-09},
  title = {How are stages split into tasks in Spark?},
  year = 2018,
  url = {https://stackoverflow.com/questions/37528047/how-are-stages-split-into-tasks-in-spark},
  urldate = {2016-05-30}
}
